@article{vapnik1971uniform,
  title={On the Uniform Convergence of Relative Frequencies of Events to Their Probabilities},
  author={Vapnik, VN and Chervonenkis, A Ya},
  journal={Theory of Probability \& Its Applications},
  volume={16},
  number={2},
  pages={264--280},
  year={1971},
  publisher={SIAM}
}

@book{vapnik1999nature,
  title={The nature of statistical learning theory},
  author={Vapnik, Vladimir},
  year={1999},
  publisher={Springer science \& business media}
}

@inproceedings{DBLP:conf/iclr/ZhangBHRV17,
  author       = {Chiyuan Zhang and
                  Samy Bengio and
                  Moritz Hardt and
                  Benjamin Recht and
                  Oriol Vinyals},
  title        = {Understanding deep learning requires rethinking generalization},
  booktitle    = {5th International Conference on Learning Representations, {ICLR} 2017,
                  Toulon, France, April 24-26, 2017, Conference Track Proceedings},
  publisher    = {OpenReview.net},
  year         = {2017},
  url          = {https://openreview.net/forum?id=Sy8gdB9xx},
  timestamp    = {Thu, 04 Apr 2019 13:20:08 +0200},
  biburl       = {https://dblp.org/rec/conf/iclr/ZhangBHRV17.bib},
  bibsource    = {dblp computer science bibliography, https://dblp.org}
}


@article{opper1990ability,
  title={On the ability of the optimal perceptron to generalise},
  author={Opper, M and Kinzel, W and Kleinz, J and Nehl, R},
  journal={{Journal of Physics A: Mathematical and General}},
  volume={23},
  number={11},
  pages={L581},
  year={1990},
  publisher={IOP Publishing}
}

@article{watkin1993statistical,
  title={The statistical mechanics of learning a rule},
  author={Watkin, Timothy LH and Rau, Albrecht and Biehl, Michael},
  journal={{Reviews of Modern Physics}},
  volume={65},
  number={2},
  pages={499},
  year={1993},
  publisher={APS}
}

@inproceedings{oymak2013squared,
  title={{The squared-error of generalized lasso: A precise analysis}},
  author={Oymak, Samet and Thrampoulidis, Christos and Hassibi, Babak},
  booktitle={{2013 51st Annual Allerton Conference on Communication, Control, and Computing (Allerton)}},
  pages={1002--1009},
  year={2013},
  organization={IEEE}
}

@article{thrampoulidis2018precise,
  title={{Precise error analysis of regularized $ M $-estimators in high dimensions}},
  author={Thrampoulidis, Christos and Abbasi, Ehsan and Hassibi, Babak},
  journal={IEEE Transactions on Information Theory},
  volume={64},
  number={8},
  pages={5592--5628},
  year={2018},
  publisher={IEEE}
}

@inproceedings{
    liao2021a,
    title={{{A PAC-Bayesian approach to generalization bounds for graph neural networks}}},
    author={Renjie Liao and Raquel Urtasun and Richard Zemel},
    booktitle={{International Conference on Learning Representations}},
    year={2021},
    url={https://openreview.net/forum?id=TR-Nj6nFx42}
}


@article{esser2021learning,
  title={{Learning theory can (sometimes) explain generalisation in graph neural networks}},
  author={Esser, Pascal and Chennuru Vankadara, Leena and Ghoshdastidar, Debarghya},
  journal={Advances in Neural Information Processing Systems},
  volume={34},
  pages={27043--27056},
  year={2021}
}

@inproceedings{garg2020generalization,
  title={{Generalization and representational limits of graph neural networks}},
  author={Garg, Vikas and Jegelka, Stefanie and Jaakkola, Tommi},
  booktitle={{International Conference on Machine Learning}},
  pages={3419--3430},
  year={2020},
  organization={PMLR}
}


@article{scarselli2018vapnik,
  title={{The Vapnik--Chervonenkis dimension of graph and recursive neural networks}},
  author={Scarselli, Franco and Tsoi, Ah Chung and Hagenbuchner, Markus},
  journal={Neural Networks},
  volume={108},
  pages={248--259},
  year={2018},
  publisher={Elsevier}
}


@article{deshpande2018contextual,
  title={{Contextual stochastic block models}},
  author={Deshpande, Yash and Sen, Subhabrata and Montanari, Andrea and Mossel, Elchanan},
  journal={Advances in Neural Information Processing Systems},
  volume={31},
  year={2018}
}

@article{tao2012random,
  title={{Random covariance matrices: Universality of local statistics of eigenvalues}},
  author={Tao, Terence and Vu, Van},
  journal={The Annals of Probability},
  volume={40},
  number={3},
  pages={1285--1315},
  year={2012},
  publisher={Institute of Mathematical Statistics}
}
@article{livan2018introduction,
  title={{Introduction to random matrices theory and practice}},
  author={Livan, Giacomo and Novaes, Marcel and Vivo, Pierpaolo},
  journal={Monograph Award},
  pages={63},
  year={2018}
}


@article{topping2021understanding,
  title={{Understanding over-squashing and bottlenecks on graphs via curvature}},
  author={Topping, Jake and Di Giovanni, Francesco and Chamberlain, Benjamin Paul and Dong, Xiaowen and Bronstein, Michael M},
  journal={arXiv preprint arXiv:2111.14522},
  year={2021}
}


@inproceedings{
chien2021adaptive,
title={{Adaptive universal generalized PageRank graph neural network}},
author={Eli Chien and Jianhao Peng and Pan Li and Olgica Milenkovic},
booktitle={{International Conference on Learning Representations}},
year={2021},
url={https://openreview.net/forum?id=n6jl7fLxrP}
}




@article{maurya2021improving,
  title={{Improving graph neural networks with simple architecture design}},
  author={Maurya, Sunil Kumar and Liu, Xin and Murata, Tsuyoshi},
  journal={arXiv preprint arXiv:2105.07634},
  year={2021}
}


@article{luan2022revisiting,
  title={Revisiting heterophily for graph neural networks},
  author={Luan, Sitao and Hua, Chenqing and Lu, Qincheng and Zhu, Jiaqi and Zhao, Mingde and Zhang, Shuyuan and Chang, Xiao-Wen and Precup, Doina},
  journal={Advances in neural information processing systems},
  volume={35},
  pages={1362--1375},
  year={2022}
}

@article{marinari1994replica,
  title={{Replica field theory for deterministic models. II. A non-random spin glass with glassy behaviour}},
  author={Marinari, Enzo and Parisi, Giorgio and Ritort, Felix},
  journal={Journal of Physics A: Mathematical and General},
  volume={27},
  number={23},
  pages={7647},
  year={1994},
  publisher={IOP Publishing}
}


@article{takahashi2018statistical,
  title={{A statistical mechanics approach to de-biasing and uncertainty estimation in LASSO for random measurements}},
  author={Takahashi, Takashi and Kabashima, Yoshiyuki},
  journal={Journal of Statistical Mechanics: Theory and Experiment},
  volume={2018},
  number={7},
  pages={073405},
  year={2018},
  publisher={IOP Publishing}
}


@article{harish1957differential,
  title={{Differential operators on a semisimple Lie algebra}},
  author={Harish-Chandra},
  journal={American Journal of Mathematics},
  pages={87--120},
  year={1957},
  publisher={JSTOR}
} 

@article{itzykson1980planar,
  title={{The planar approximation. II}},
  author={Itzykson, Claude and Zuber, J-B},
  journal={Journal of Mathematical Physics},
  volume={21},
  number={3},
  pages={411--421},
  year={1980},
  publisher={American Institute of Physics}
}


@article{hu2022universality,
  title={{Universality laws for high-dimensional learning with random features}},
  author={Hu, Hong and Lu, Yue M},
  journal={IEEE Transactions on Information Theory},
  year={2022},
  publisher={IEEE}
}



@article{baik2005phase,
  title={{Phase transition of the largest eigenvalue for nonnull complex sample covariance matrices}},
  author={Baik, Jinho and Arous, G{\'e}rard Ben and P{\'e}ch{\'e}, Sandrine},
  journal={The Annals of Probability},
  volume={33},
  number={5},
  pages={1643--1697},
  year={2005},
  publisher={Institute of Mathematical Statistics}
}


@article{paul2007asymptotics,
  title={{Asymptotics of sample eigenstructure for a large dimensional spiked covariance model}},
  author={Paul, Debashis},
  journal={Statistica Sinica},
  pages={1617--1642},
  year={2007},
  publisher={JSTOR}
}



@article{onatski2013asymptotic,
  title={{Asymptotic power of sphericity tests for high-dimensional data}},
  author={Onatski, Alexei and Moreira, Marcelo J and Hallin, Marc},
  journal={The Annals of Statistics},
  volume={41},
  number={3},
  pages={1204--1231},
  year={2013},
  publisher={Institute of Mathematical Statistics}
}


@article{johnstone2009sparse,
  title={{Sparse principal components analysis}},
  author={Johnstone, Iain M and Lu, Arthur Yu},
  journal={arXiv preprint arXiv:0901.4392},
  year={2009}
}

@article{mossel2015reconstruction,
  title={{Reconstruction and estimation in the planted partition model}},
  author={Mossel, Elchanan and Neeman, Joe and Sly, Allan},
  journal={Probability Theory and Related Fields},
  volume={162},
  number={3},
  pages={431--461},
  year={2015},
  publisher={Springer}
}

@article{mossel2018proof,
  title={{A proof of the block model threshold conjecture}},
  author={Mossel, Elchanan and Neeman, Joe and Sly, Allan},
  journal={Combinatorica},
  volume={38},
  number={3},
  pages={665--708},
  year={2018},
  publisher={Springer}
}

@article{pennington2017nonlinear,
  title={{Nonlinear random matrix theory for deep learning}},
  author={Pennington, Jeffrey and Worah, Pratik},
  journal={Advances in neural information processing systems},
  volume={30},
  year={2017}
}


@article{dupic2014spectral,
  title={{Spectral density of products of Wishart dilute random matrices. part i: the dense case}},
  author={Dupic, Thomas and Castillo, Isaac P{\'e}rez},
  journal={arXiv preprint arXiv:1401.7802},
  year={2014}
}

@article{piccolo2021analysis,
  title={{Analysis of one-hidden-layer neural networks via the resolvent method}},
  author={Piccolo, Vanessa and Schr{\"o}der, Dominik},
  journal={Advances in Neural Information Processing Systems},
  volume={34},
  year={2021}
}

@inproceedings{adlam2022random,
  title={{A random matrix perspective on mixtures of nonlinearities in high dimensions}},
  author={Adlam, Ben and Levinson, Jake A and Pennington, Jeffrey},
  booktitle={{International Conference on Artificial Intelligence and Statistics}},
  pages={3434--3457},
  year={2022},
  organization={PMLR}
}


@inproceedings{wu2019simplifying,
  title={{Simplifying graph convolutional networks}},
  author={Wu, Felix and Souza, Amauri and Zhang, Tianyi and Fifty, Christopher and Yu, Tao and Weinberger, Kilian},
  booktitle={{International conference on machine learning}},
  pages={6861--6871},
  year={2019},
  organization={PMLR}
}


@inproceedings{
    kipf2017semisupervised,
    title={{Semi-supervised classification with graph convolutional networks}},
    author={Thomas N. Kipf and Max Welling},
    booktitle={{International Conference on Learning Representations}},
    year={2017},
    url={https://openreview.net/forum?id=SJU4ayYgl}
}


@inproceedings{wang2022powerful,
  title={{How powerful are spectral graph neural networks}},
  author={Wang, Xiyuan and Zhang, Muhan},
  booktitle={{International Conference on Machine Learning}},
  pages={23341--23362},
  year={2022},
  organization={PMLR}
}



@inproceedings{baranwal2021graph,
  title={{Graph convolution for semi-supervised classification: improved linear separability and out-of-distribution generalization}},
  author={Baranwal, Aseem and Fountoulakis, Kimon and Jagannath, Aukosh},
  booktitle={{International Conference on Machine Learning}},
  pages={684--693},
  year={2021},
  organization={PMLR}
}


@inproceedings{velivckovic2017graph,
title={{Graph attention networks}},
author={Petar Veličković and Guillem Cucurull and Arantxa Casanova and Adriana Romero and Pietro Liò and Yoshua Bengio},
booktitle={{International Conference on Learning Representations}},
year={2018},
url={https://openreview.net/forum?id=rJXMpikCZ},
}


@article{hamilton2017inductive,
  title={{Inductive representation learning on large graphs}},
  author={Hamilton, Will and Ying, Zhitao and Leskovec, Jure},
  journal={Advances in neural information processing systems},
  volume={30},
  year={2017}
}

@inproceedings{xu2018how,
    title={{How powerful are graph neural networks?}},
    author={Keyulu Xu and Weihua Hu and Jure Leskovec and Stefanie Jegelka},
    booktitle={{International Conference on Learning Representations}},
    year={2019},
    url={https://openreview.net/forum?id=ryGs6iA5Km},
}


@article{defferrard2016convolutional,
  title={{Convolutional neural networks on graphs with fast localized spectral filtering}},
  author={Defferrard, Micha{\"e}l and Bresson, Xavier and Vandergheynst, Pierre},
  journal={Advances in neural information processing systems},
  volume={29},
  year={2016}
}


@inproceedings{lu2021learning,
  title = {Learning guarantees for graph convolutional networks on the stochastic block model},
  author={Lu, Wei},
  booktitle={{International Conference on Learning Representations}},
  year={2021}
}

@inproceedings{
    geerts2022expressiveness,
    title={{Expressiveness and approximation properties of graph neural networks}},
    author={Floris Geerts and Juan L Reutter},
    booktitle={{International Conference on Learning Representations}},
    year={2022},
    url={https://openreview.net/forum?id=wIzUeM3TAU}
}


@article{sato2020survey,
  title={{A survey on the expressive power of graph neural networks}},
  author={Sato, Ryoma},
  journal={arXiv preprint arXiv:2003.04078},
  year={2020}
}

@article{liao2019lanczosnet,
  title={{Lanczosnet: Multi-scale deep graph convolutional networks}},
  author={Liao, Renjie and Zhao, Zhizhen and Urtasun, Raquel and Zemel, Richard S},
  journal={arXiv preprint arXiv:1901.01484},
  year={2019}
}


@article{wang2019dynamic,
  title={{Dynamic graph CNN for learning on point clouds}},
  author={Wang, Yue and Sun, Yongbin and Liu, Ziwei and Sarma, Sanjay E and Bronstein, Michael M and Solomon, Justin M},
  journal={Acm Transactions On Graphics (tog)},
  volume={38},
  number={5},
  pages={1--12},
  year={2019},
  publisher={ACM New York, NY, USA}
}

@article{jacot2018neural,
  title={{Neural tangent kernel: Convergence and generalization in neural networks}},
  author={Jacot, Arthur and Gabriel, Franck and Hongler, Cl{\'e}ment},
  journal={Advances in neural information processing systems},
  volume={31},
  year={2018}
}


@inproceedings{pilanci2020neural,
  title={{Neural networks are convex regularizers: Exact polynomial-time convex optimization formulations for two-layer networks}},
  author={Pilanci, Mert and Ergen, Tolga},
  booktitle={{International Conference on Machine Learning}},
  pages={7695--7705},
  year={2020},
  organization={PMLR}
}


@article{loureiro2021learning,
  title={{Learning curves of generic features maps for realistic datasets with a teacher-student model}},
  author={Loureiro, Bruno and Gerbelot, Cedric and Cui, Hugo and Goldt, Sebastian and Krzakala, Florent and Mezard, Marc and Zdeborov{\'a}, Lenka},
  journal={Advances in Neural Information Processing Systems},
  volume={34},
  pages={18137--18151},
  year={2021}
}


@inproceedings{carmona2006universality,
  title={{Universality in Sherrington--Kirkpatrick's spin glass model}},
  author={Carmona, Philippe and Hu, Yueyun},
  booktitle={{Annales de l'Institut Henri Poincare (B) Probability and Statistics}},
  volume={42},
  pages={215--222},
  year={2006},
  organization={Elsevier}
}

@book{panchenko2013sherrington,
  title={{The Sherrington-Kirkpatrick model}},
  author={Panchenko, Dmitry},
  year={2013},
  publisher={Springer Science \& Business Media}
}


@article{talagrand2002gaussian,
  title={{Gaussian averages, Bernoulli averages, and Gibbs' measures}},
  author={Talagrand, Michel},
  journal={Random Structures \& Algorithms},
  volume={21},
  number={3-4},
  pages={197--204},
  year={2002},
  publisher={Wiley Online Library}
}


@article{maillard2021perturbative,
  title={{Perturbative construction of mean-field equations in extensive-rank matrix factorization and denoising}},
  author={Maillard, Antoine and Krzakala, Florent and M{\'e}zard, Marc and Zdeborov{\'a}, Lenka},
  journal={arXiv preprint arXiv:2110.08775},
  year={2021}
}

@article{deshpande2017asymptotic,
  title={{Asymptotic mutual information for the balanced binary stochastic block model}},
  author={Deshpande, Yash and Abbe, Emmanuel and Montanari, Andrea},
  journal={Information and Inference: A Journal of the IMA},
  volume={6},
  number={2},
  pages={125--170},
  year={2017},
  publisher={Oxford University Press}
}

@article{brohee2006evaluation,
  title={{Evaluation of clustering algorithms for protein-protein interaction networks}},
  author={Brohee, Sylvain and Van Helden, Jacques},
  journal={BMC bioinformatics},
  volume={7},
  number={1},
  pages={1--19},
  year={2006},
  publisher={Springer}
}

@inproceedings{ying2018graph,
  title={{Graph convolutional neural networks for web-scale recommender systems}},
  author={Ying, Rex and He, Ruining and Chen, Kaifeng and Eksombatchai, Pong and Hamilton, William L and Leskovec, Jure},
  booktitle={{Proceedings of the 24th ACM SIGKDD international conference on knowledge discovery \& data mining}},
  pages={974--983},
  year={2018}
}


@inproceedings{Oono2020Graph,
title={{Graph neural networks exponentially lose expressive power for node classification}},
author={Kenta Oono and Taiji Suzuki},
booktitle={{International Conference on Learning Representations}},
year={2020},
url={https://openreview.net/forum?id=S1ldO2EFPr}
}



@article{belkin2019reconciling,
  title={{Reconciling modern machine-learning practice and the classical bias--variance trade-off}},
  author={Belkin, Mikhail and Hsu, Daniel and Ma, Siyuan and Mandal, Soumik},
  journal={Proceedings of the National Academy of Sciences},
  volume={116},
  number={32},
  pages={15849--15854},
  year={2019},
  publisher={National Acad Sciences}
}


@article{nakkiran2021deep,
  title={{Deep double descent: Where bigger models and more data hurt}},
  author={Nakkiran, Preetum and Kaplun, Gal and Bansal, Yamini and Yang, Tristan and Barak, Boaz and Sutskever, Ilya},
  journal={Journal of Statistical Mechanics: Theory and Experiment},
  volume={2021},
  number={12},
  pages={124003},
  year={2021},
  publisher={IOP Publishing}
}



@article{belkin2020two,
  title={{Two models of double descent for weak features}},
  author={Belkin, Mikhail and Hsu, Daniel and Xu, Ji},
  journal={SIAM Journal on Mathematics of Data Science},
  volume={2},
  number={4},
  pages={1167--1180},
  year={2020},
  publisher={SIAM}
}

@article{yarotsky2017error,
  title={{Error bounds for approximations with deep ReLU networks}},
  author={Yarotsky, Dmitry},
  journal={Neural Networks},
  volume={94},
  pages={103--114},
  year={2017},
  publisher={Elsevier}
}

@article{pinkus1999approximation,
  title={{Approximation theory of the MLP model in neural networks}},
  author={Pinkus, Allan},
  journal={Acta numerica},
  volume={8},
  pages={143--195},
  year={1999},
  publisher={Cambridge University Press}
}

@article{mei2018mean,
  title={{A mean field view of the landscape of two-layer neural networks}},
  author={Mei, Song and Montanari, Andrea and Nguyen, Phan-Minh},
  journal={Proceedings of the National Academy of Sciences},
  volume={115},
  number={33},
  pages={E7665--E7671},
  year={2018},
  publisher={National Acad Sciences}
}

@article{wang2020hidden,
  title={{The hidden convex optimization landscape of two-layer ReLU neural networks: An exact characterization of the optimal solutions}},
  author={Wang, Yifei and Lacotte, Jonathan and Pilanci, Mert},
  journal={arXiv preprint arXiv:2006.05900},
  year={2020}
}


@article{liu2022loss,
  title={{Loss landscapes and optimization in over-parameterized non-linear systems and neural networks}},
  author={Liu, Chaoyue and Zhu, Libin and Belkin, Mikhail},
  journal={Applied and Computational Harmonic Analysis},
  volume={59},
  pages={85--116},
  year={2022},
  publisher={Elsevier}
}


@article{mcpherson2001birds,
  title={{Birds of a feather: Homophily in social networks}},
  author={McPherson, Miller and Smith-Lovin, Lynn and Cook, James M},
  journal={Annual review of sociology},
  pages={415--444},
  year={2001},
  publisher={JSTOR}
}

@inproceedings{pei2020geom,
title={{Geom-GCN: Geometric graph convolutional networks}},
author={Hongbin Pei and Bingzhe Wei and Kevin Chen-Chuan Chang and Yu Lei and Bo Yang},
booktitle={{International Conference on Learning Representations}},
year={2020},
url={https://openreview.net/forum?id=S1e2agrFvS}
}

@article{rozemberczki2021multi,
  title={{Multi-scale attributed node embedding}},
  author={Rozemberczki, Benedek and Allen, Carl and Sarkar, Rik},
  journal={Journal of Complex Networks},
  volume={9},
  number={2},
  pages={cnab014},
  year={2021},
  publisher={Oxford University Press}
}



@article{sen2008collective,
  title={{Collective classification in network data}},
  author={Sen, Prithviraj and Namata, Galileo and Bilgic, Mustafa and Getoor, Lise and Galligher, Brian and Eliassi-Rad, Tina},
  journal={AI magazine},
  volume={29},
  number={3},
  pages={93--93},
  year={2008}
}


@book{mezard1987spin,
  title={{Spin glass theory and beyond: An introduction to the replica method and its applications}},
  author={M{\'e}zard, Marc and Parisi, Giorgio and Virasoro, Miguel Angel},
  volume={9},
  year={1987},
  publisher={World Scientific Publishing Company}
}

@inproceedings{abbe2022proof,
  title={{Proof of the contiguity conjecture and lognormal limit for the symmetric perceptron}},
  author={Abbe, Emmanuel and Li, Shuangning and Sly, Allan},
  booktitle={{2021 IEEE 62nd Annual Symposium on Foundations of Computer Science (FOCS)}},
  pages={327--338},
  year={2022},
  organization={IEEE}
}

@article{dobriban2018high,
  title={{High-dimensional asymptotics of prediction: Ridge regression and classification}},
  author={Dobriban, Edgar and Wager, Stefan},
  journal={The Annals of Statistics},
  volume={46},
  number={1},
  pages={247--279},
  year={2018},
  publisher={JSTOR}
}

@inproceedings{hsu2012random,
  title={{Random design analysis of Ridge regression}},
  author={Hsu, Daniel and Kakade, Sham M and Zhang, Tong},
  booktitle={{Conference on learning theory}},
  pages={9--1},
  year={2012},
  organization={JMLR Workshop and Conference Proceedings}
}

@article{cui2022error,
  title={{Error rates for kernel classification under source and capacity conditions}},
  author={Cui, Hugo and Loureiro, Bruno and Krzakala, Florent and Zdeborov{\'a}, Lenka},
  journal={arXiv preprint arXiv:2201.12655},
  year={2022}
}


@inproceedings{li2022finding,
  title={{Finding global homophily in graph neural networks when meeting heterophily}},
  author={Li, Xiang and Zhu, Renyu and Cheng, Yao and Shan, Caihua and Luo, Siqiang and Li, Dongsheng and Qian, Weining},
  booktitle={{International Conference on Machine Learning}},
  pages={13242--13256},
  year={2022},
  organization={PMLR}
}


@article{wei2022understanding,
  title={{Understanding non-linearity in graph neural networks from the Bayesian-inference perspective}},
  author={Wei, Rongzhe and Yin, Haoteng and Jia, Junteng and Benson, Austin R and Li, Pan},
  journal={arXiv preprint arXiv:2207.11311},
  year={2022}
}


@inproceedings{gilmer2017neural,
  title={{Neural message passing for quantum chemistry}},
  author={Gilmer, Justin and Schoenholz, Samuel S and Riley, Patrick F and Vinyals, Oriol and Dahl, George E},
  booktitle={{International conference on machine learning}},
  pages={1263--1272},
  year={2017},
  organization={PMLR}
}

@inproceedings{jin2018junction,
  title={{Junction tree variational autoencoder for molecular graph generation}},
  author={Jin, Wengong and Barzilay, Regina and Jaakkola, Tommi},
  booktitle={{International conference on machine learning}},
  pages={2323--2332},
  year={2018},
  organization={PMLR}
}


@article{hakes2008protein,
  title={{Protein-protein interaction networks and biology—what's the connection?}},
  author={Hakes, Luke and Pinney, John W and Robertson, David L and Lovell, Simon C},
  journal={Nature biotechnology},
  volume={26},
  number={1},
  pages={69--72},
  year={2008},
  publisher={Nature Publishing Group}
}


@article{nepusz2012detecting,
  title={{Detecting overlapping protein complexes in protein-protein interaction networks}},
  author={Nepusz, Tam{\'a}s and Yu, Haiyuan and Paccanaro, Alberto},
  journal={Nature methods},
  volume={9},
  number={5},
  pages={471--472},
  year={2012},
  publisher={Nature Publishing Group}
}


@article{wu2020comprehensive,
  title={{A comprehensive survey on graph neural networks}},
  author={Wu, Zonghan and Pan, Shirui and Chen, Fengwen and Long, Guodong and Zhang, Chengqi and Philip, S Yu},
  journal={IEEE transactions on neural networks and learning systems},
  volume={32},
  number={1},
  pages={4--24},
  year={2020},
  publisher={IEEE}
}


@inproceedings{estrach2014spectral,
  title={{Spectral networks and deep locally connected networks on graphs}},
  author={Bruna, Joan Estrach and Zaremba, Wojciech and Szlam, Arthur and LeCun, Yann},
  booktitle={{International Conference on Learning Representations}},
  year={2014},
  url={https://openreview.net/forum?id=DQNsQf-UsoDBa}
}


@article{he2021bernnet,
  title={{Bernnet: Learning arbitrary graph spectral filters via Bernstein approximation}},
  author={He, Mingguo and Wei, Zhewei and Xu, Hongteng and others},
  journal={Advances in Neural Information Processing Systems},
  volume={34},
  pages={14239--14251},
  year={2021}
}


@inproceedings{el2018detection,
  title={{Detection limits in the high-dimensional spiked rectangular model}},
  author={El Alaoui, Ahmed and Jordan, Michael I},
  booktitle={{Conference On Learning Theory}},
  pages={410--438},
  year={2018},
  organization={PMLR}
}


@article{macris2020all,
  title={{All-or-nothing statistical and computational phase transitions in sparse spiked matrix estimation}},
  author={Barbier, Jean and Macris, Nicolas and Rush, Cynthia},
  journal={Advances in Neural Information Processing Systems},
  volume={33},
  pages={14915--14926},
  year={2020}
}



@article{advani2020high,
  title={{High-dimensional dynamics of generalization error in neural networks}},
  author={Advani, Madhu S and Saxe, Andrew M and Sompolinsky, Haim},
  journal={Neural Networks},
  volume={132},
  pages={428--446},
  year={2020},
  publisher={Elsevier}
}

@article{mei2022generalization,
  title={{The generalization error of random features regression: Precise asymptotics and the double descent curve}},
  author={Mei, Song and Montanari, Andrea},
  journal={Communications on Pure and Applied Mathematics},
  volume={75},
  number={4},
  pages={667--766},
  year={2022},
  publisher={Wiley Online Library}
}


@inproceedings{mignacco2020role,
  title={{The role of regularization in classification of high-dimensional noisy Gaussian mixture}},
  author={Mignacco, Francesca and Krzakala, Florent and Lu, Yue and Urbani, Pierfrancesco and Zdeborov{\'a}, Lenka},
  booktitle={{International Conference on Machine Learning}},
  pages={6874--6883},
  year={2020},
  organization={PMLR}
}

@book{voiculescu1992free,
  title={{Free random variables}},
  author={Voiculescu, Dan V and Dykema, Ken J and Nica, Alexandru},
  number={1},
  year={1992},
  publisher={American Mathematical Soc.}
}



@article{wang1987stochastic,
  title={{Stochastic blockmodels for directed graphs}},
  author={Wang, Yuchung J and Wong, George Y},
  journal={Journal of the American Statistical Association},
  volume={82},
  number={397},
  pages={8--19},
  year={1987},
  publisher={Taylor \& Francis}
}

@article{malliaros2013clustering,
  title={{Clustering and community detection in directed networks: A survey}},
  author={Malliaros, Fragkiskos D and Vazirgiannis, Michalis},
  journal={Physics reports},
  volume={533},
  number={4},
  pages={95--142},
  year={2013},
  publisher={Elsevier}
}



@article{boyd2011distributed,
  title={{Distributed optimization and statistical learning via the alternating direction method of multipliers}},
  author={Boyd, Stephen and Parikh, Neal and Chu, Eric and Peleato, Borja and Eckstein, Jonathan and others},
  journal={Foundations and Trends in Machine learning},
  volume={3},
  number={1},
  pages={1--122},
  year={2011},
  publisher={Now Publishers, Inc.}
}



@article{fortunato2007resolution,
  title={{Resolution limit in community detection}},
  author={Fortunato, Santo and Barthelemy, Marc},
  journal={Proceedings of the national academy of sciences},
  volume={104},
  number={1},
  pages={36--41},
  year={2007},
  publisher={National Acad Sciences}
}



@inproceedings{massoulie2014community,
  title={{Community detection thresholds and the weak Ramanujan property}},
  author={Massouli{\'e}, Laurent},
  booktitle={{Proceedings of the forty-sixth annual ACM symposium on Theory of computing}},
  pages={694--703},
  year={2014}
}

@article{shervashidze2011weisfeiler,
  title={{Weisfeiler-Lehman graph kernels}},
  author={Shervashidze, Nino and Schweitzer, Pascal and Van Leeuwen, Erik Jan and Mehlhorn, Kurt and Borgwardt, Karsten M},
  journal={Journal of Machine Learning Research},
  volume={12},
  number={9},
  year={2011}
}

@inproceedings{keriven2022not,
title={{Not too little, not too much: A theoretical analysis of graph (over)smoothing}},
author={Nicolas Keriven},
booktitle={{Advances in Neural Information Processing Systems}},
editor={Alice H. Oh and Alekh Agarwal and Danielle Belgrave and Kyunghyun Cho},
year={2022},
url={https://openreview.net/forum?id=-Lm0B9UYMy6}
}


@article{ortega2018graph,
  title={{Graph signal processing: Overview, challenges, and applications}},
  author={Ortega, Antonio and Frossard, Pascal and Kova{\v{c}}evi{\'c}, Jelena and Moura, Jos{\'e} MF and Vandergheynst, Pierre},
  journal={Proceedings of the IEEE},
  volume={106},
  number={5},
  pages={808--828},
  year={2018},
  publisher={IEEE}
}

@article{shuman2013emerging,
  title={{The emerging field of signal processing on graphs: Extending high-dimensional data analysis to networks and other irregular domains}},
  author={Shuman, David I and Narang, Sunil K and Frossard, Pascal and Ortega, Antonio and Vandergheynst, Pierre},
  journal={IEEE signal processing magazine},
  volume={30},
  number={3},
  pages={83--98},
  year={2013},
  publisher={IEEE}
}

@article{sandryhaila2013discrete,
  title={{Discrete signal processing on graphs}},
  author={Sandryhaila, Aliaksei and Moura, Jos{\'e} MF},
  journal={IEEE transactions on signal processing},
  volume={61},
  number={7},
  pages={1644--1656},
  year={2013},
  publisher={IEEE}
}



@article{dong2020graph,
  title={{Graph signal processing for machine learning: A review and new perspectives}},
  author={Dong, Xiaowen and Thanou, Dorina and Toni, Laura and Bronstein, Michael and Frossard, Pascal},
  journal={IEEE Signal processing magazine},
  volume={37},
  number={6},
  pages={117--127},
  year={2020},
  publisher={IEEE}
}



@article{zhang2014phase,
  title={{Phase transitions in semisupervised clustering of sparse networks}},
  author={Zhang, Pan and Moore, Cristopher and Zdeborov{\'a}, Lenka},
  journal={Physical Review E},
  volume={90},
  number={5},
  pages={052802},
  year={2014},
  publisher={APS}
}


@article{lam2022graphcast,
  title={{GraphCast: Learning skillful medium-range global weather forecasting}},
  author={Lam, Remi and Sanchez-Gonzalez, Alvaro and Willson, Matthew and Wirnsberger, Peter and Fortunato, Meire and Pritzel, Alexander and Ravuri, Suman and Ewalds, Timo and Alet, Ferran and Eaton-Rosen, Zach and others},
  journal={arXiv preprint arXiv:2212.12794},
  year={2022}
}



@article{mandal2022robust,
  title={{Robust prediction of force chains in jammed solids using graph neural networks}},
  author={Mandal, Rituparno and Casert, Corneel and Sollich, Peter},
  journal={Nature Communications},
  volume={13},
  number={1},
  pages={4424},
  year={2022},
  publisher={Nature Publishing Group UK London}
}


@inproceedings{qiu2018deepinf,
  title={{Deepinf: Social influence prediction with deep learning}},
  author={Qiu, Jiezhong and Tang, Jian and Ma, Hao and Dong, Yuxiao and Wang, Kuansan and Tang, Jie},
  booktitle={Proceedings of the 24th ACM SIGKDD international conference on knowledge discovery \& data mining},
  pages={2110--2119},
  year={2018}
}


@article{cranmer2020discovering,
  title={{Discovering symbolic models from deep learning with inductive biases}},
  author={Cranmer, Miles and Sanchez Gonzalez, Alvaro and Battaglia, Peter and Xu, Rui and Cranmer, Kyle and Spergel, David and Ho, Shirley},
  journal={Advances in Neural Information Processing Systems},
  volume={33},
  pages={17429--17442},
  year={2020}
}



@article{mirhoseini2021graph,
  title={{A graph placement methodology for fast chip design}},
  author={Mirhoseini, Azalia and Goldie, Anna and Yazgan, Mustafa and Jiang, Joe Wenjie and Songhori, Ebrahim and Wang, Shen and Lee, Young-Joon and Johnson, Eric and Pathak, Omkar and Nazi, Azade and others},
  journal={Nature},
  volume={594},
  number={7862},
  pages={207--212},
  year={2021},
  publisher={Nature Publishing Group}
}




@article{baranwal2023optimality,
  title={Optimality of Message-Passing Architectures for Sparse Graphs},
  author={Baranwal, Aseem and Jagannath, Aukosh and Fountoulakis, Kimon},
  journal={arXiv preprint arXiv:2305.10391},
  year={2023}
}

@article{jumper2021highly,
  title={{Highly accurate protein structure prediction with AlphaFold}},
  author={Jumper, John and Evans, Richard and Pritzel, Alexander and Green, Tim and Figurnov, Michael and Ronneberger, Olaf and Tunyasuvunakool, Kathryn and Bates, Russ and {\v{Z}}{\'\i}dek, Augustin and Potapenko, Anna and others},
  journal={Nature},
  volume={596},
  number={7873},
  pages={583--589},
  year={2021},
  publisher={Nature Publishing Group}
}

@article{ingraham2019generative,
  title={Generative models for graph-based protein design},
  author={Ingraham, John and Garg, Vikas and Barzilay, Regina and Jaakkola, Tommi},
  journal={Advances in neural information processing systems},
  volume={32},
  year={2019}
}


@article{gligorijevic2021structure,
  title={Structure-based protein function prediction using graph convolutional networks},
  author={Gligorijevi{\'c}, Vladimir and Renfrew, P Douglas and Kosciolek, Tomasz and Leman, Julia Koehler and Berenberg, Daniel and Vatanen, Tommi and Chandler, Chris and Taylor, Bryn C and Fisk, Ian M and Vlamakis, Hera and others},
  journal={Nature communications},
  volume={12},
  number={1},
  pages={3168},
  year={2021},
  publisher={Nature Publishing Group UK London}
}


@article{zhu2020beyond,
  title={Beyond homophily in graph neural networks: Current limitations and effective designs},
  author={Zhu, Jiong and Yan, Yujun and Zhao, Lingxiao and Heimann, Mark and Akoglu, Leman and Koutra, Danai},
  journal={Advances in neural information processing systems},
  volume={33},
  pages={7793--7804},
  year={2020}
}

@article{lupidi2023does,
  title={Does Double Descent Occur in Self-Supervised Learning?},
  author={Lupidi, Alisia and Gideoni, Yonatan and Jayalath, Dulhan},
  journal={arXiv preprint arXiv:2307.07872},
  year={2023}
}


@book{hastie2009elements,
  title={The elements of statistical learning: data mining, inference, and prediction},
  author={Hastie, Trevor and Tibshirani, Robert and Friedman, Jerome H and Friedman, Jerome H},
  volume={2},
  year={2009},
  publisher={Springer}
}

@article{chen2021multiple,
  title={{Multiple descent: Design your own generalization curve}},
  author={Chen, Lin and Min, Yifei and Belkin, Mikhail and Karbasi, Amin},
  journal={Advances in Neural Information Processing Systems},
  volume={34},
  pages={8898--8912},
  year={2021}
}

@article{liu2013observability,
  title={Observability of complex systems},
  author={Liu, Yang-Yu and Slotine, Jean-Jacques and Barab{\'a}si, Albert-L{\'a}szl{\'o}},
  journal={Proceedings of the National Academy of Sciences},
  volume={110},
  number={7},
  pages={2460--2465},
  year={2013},
  publisher={National Acad Sciences}
}




@article{canatar2021spectral,
  title={Spectral bias and task-model alignment explain generalization in kernel regression and infinitely wide neural networks},
  author={Canatar, Abdulkadir and Bordelon, Blake and Pehlevan, Cengiz},
  journal={Nature communications},
  volume={12},
  number={1},
  pages={2914},
  year={2021},
  publisher={Nature Publishing Group UK London}
}


@article{duranthon2023optimal,
  title={Optimal Inference in Contextual Stochastic Block Models},
  author={Duranthon, O and Zdeborov{\'a}, L},
  journal={arXiv preprint arXiv:2306.07948},
  year={2023}
}


@inproceedings{li2018deeper,
  title={Deeper insights into graph convolutional networks for semi-supervised learning},
  author={Li, Qimai and Han, Zhichao and Wu, Xiao-Ming},
  booktitle={Proceedings of the AAAI conference on artificial intelligence},
  volume={32},
  year={2018}
}

@article{gasteiger2018predict,
  title={Predict then propagate: Graph neural networks meet personalized pagerank},
  author={Gasteiger, Johannes and Bojchevski, Aleksandar and G{\"u}nnemann, Stephan},
  journal={arXiv preprint arXiv:1810.05997},
  year={2018}
}


@article{liao2020random,
  title={{A random matrix analysis of random Fourier features: beyond the gaussian kernel, a precise phase transition, and the corresponding double descent}},
  author={Liao, Zhenyu and Couillet, Romain and Mahoney, Michael W},
  journal={Advances in Neural Information Processing Systems},
  volume={33},
  pages={13939--13950},
  year={2020}
}

@article{yang2021taxonomizing,
  title={Taxonomizing local versus global structure in neural network loss landscapes},
  author={Yang, Yaoqing and Hodgkinson, Liam and Theisen, Ryan and Zou, Joe and Gonzalez, Joseph E and Ramchandran, Kannan and Mahoney, Michael W},
  journal={Advances in Neural Information Processing Systems},
  volume={34},
  pages={18722--18733},
  year={2021}
}

@article{martin2017rethinking,
  title={Rethinking generalization requires revisiting old ideas: statistical mechanics approaches and complex learning behavior},
  author={Martin, Charles H and Mahoney, Michael W},
  journal={arXiv preprint arXiv:1710.09553},
  year={2017}
}



@book{Engel_Van_den_Broeck_2001, 
  place={Cambridge}, 
  title={Statistical Mechanics of Learning}, 
  publisher={Cambridge University Press}, 
  author={Engel, A. and Van den Broeck, C.}, 
  year={2001}
}


@article{seung1992statistical,
  title={Statistical mechanics of learning from examples},
  author={Seung, Hyunjune Sebastian and Sompolinsky, Haim and Tishby, Naftali},
  journal={Physical review A},
  volume={45},
  number={8},
  pages={6056},
  year={1992},
  publisher={APS}
}

@article{opper1994learning,
  title={{Learning and generalization in a two-layer neural network: The role of the Vapnik--Chervonvenkis dimension}},
  author={Opper, Manfred},
  journal={Physical review letters},
  volume={72},
  number={13},
  pages={2113},
  year={1994},
  publisher={APS}
}


@article{bahri2020statistical,
  title={Statistical mechanics of deep learning},
  author={Bahri, Yasaman and Kadmon, Jonathan and Pennington, Jeffrey and Schoenholz, Sam S and Sohl-Dickstein, Jascha and Ganguli, Surya},
  journal={Annual Review of Condensed Matter Physics},
  volume={11},
  pages={501--528},
  year={2020},
  publisher={Annual Reviews}
}


@book{vapnik1998statistical,
    author = {Vapnik, Vladimir},
    title = {Statistical Learning Theory},
    publisher = {Wiley},
    address = {New York},
    year = {1998}
}
